@book{bishop2006pattern,
  title={Pattern recognition and machine learning},
  author={Bishop, Christopher M},
  year={2006},
  publisher={springer}
}
@book{intromachinelearning,
  title={Introduction to Machine Learning and Data Mining},
  author={Tue Herlau, Mikkel N. Schmidt and Morten MÃ¸rup},
  year={2017},
  publisher={DTU}
}
@book{reisberg2015cognition,
  title={Cognition: Exploring the Science of the Mind: Sixth International Student Edition},
  author={Reisberg, Daniel},
  year={2015},
  publisher={WW Norton \& Company}
}
@book{wickens2002elementary,
  title={Elementary signal detection theory},
  author={Wickens, Thomas D},
  year={2002},
  publisher={Oxford University Press, USA}
}
