% Encoding: windows-1252



@book{friedman2016elements,
  title={The elements of statistical learning},
  author={Friedman, Jerome and Hastie, Trevor and Tibshirani, Robert},
  volume={2},
  year={2016},
  publisher={Springer series in statistics New York}
}

@misc{lecture1,
  author        = {Lars Arvastson and Line Clemmensen},
  title         = {A - Computational Data Analysis Lecture 1},
  month         = {5},
  year          = {2018},
  publisher={DTU}
}

@misc{lecture2,
  author        = {Lars Arvastson and Line Clemmensen},
  title         = {B - Computational Data Analysis Lecture 2},
  month         = {5},
  year          = {2018},
  publisher={DTU}
}

@misc{lecture3,
  author        = {Lars Arvastson and Line Clemmensen},
  title         = {C - Computational Data Analysis Lecture 3},
  month         = {5},
  year          = {2018},
  publisher={DTU}
}


@misc{lecture4,
  author        = {Lars Arvastson and Line Clemmensen},
  title         = {D - Computational Data Analysis Lecture 4},
  month         = {5},
  year          = {2018},
  publisher={DTU}
}

@misc{lecture5,
  author        = {Lars Arvastson and Line Clemmensen},
  title         = {E - Computational Data Analysis Lecture 5},
  month         = {5},
  year          = {2018},
  publisher={DTU}
}

@misc{lecture6,
  author        = {Lars Arvastson and Line Clemmensen},
  title         = {F - Computational Data Analysis Lecture 6},
  month         = {5},
  year          = {2018},
  publisher={DTU}
}

@misc{lecture7,
  author        = {Lars Arvastson and Line Clemmensen},
  title         = {G - Computational Data Analysis Lecture 7},
  month         = {5},
  year          = {2018},
  publisher={DTU}
}

@misc{lecture8,
  author        = {Lars Arvastson and Line Clemmensen},
  title         = {H - Computational Data Analysis Lecture 8},
  month         = {5},
  year          = {2018},
  publisher={DTU}
}

@misc{lecture9,
  author        = {Lars Arvastson and Line Clemmensen},
  title         = {I - Computational Data Analysis Lecture 9},
  month         = {5},
  year          = {2018},
  publisher={DTU}
}

@misc{lecture10,
  author        = {Lars Arvastson and Line Clemmensen},
  title         = {J - Computational Data Analysis Lecture 10},
  month         = {5},
  year          = {2018},
  publisher={DTU}
}

@misc{lecture11,
  author        = {Lars Arvastson and Line Clemmensen},
  title         = {K - Computational Data Analysis Lecture 11},
  month         = {5},
  year          = {2018},
  publisher={DTU}
}

@misc{lecture12,
  author        = {Lars Arvastson and Line Clemmensen},
  title         = {L - Computational Data Analysis Lecture 12},
  month         = {5},
  year          = {2018},
  publisher={DTU}
}

@misc{lecture13,
  author        = {Lars Arvastson and Line Clemmensen},
  title         = {M - Computational Data Analysis Lecture 13},
  month         = {5},
  year          = {2018},
  publisher={DTU}
}
